@book{AS,
  author = {Abramowitz, M. and Stegun, I. A.},
  title = {Handbook of Mathematical Functions with Formulas, Graphs, and Mathematical Tables},
  publisher = {National Bureau of Standards Applied Mathematics Series 55},
  year = {1972},
  edition = {Tenth Printing}
}



@article{Agasisti,
title={Regional economic disparities as determinants of student's achievement in Italy},
  author={Agasisti, Tommaso and Vittadini, Giorgio},
  journal={Research in Applied Economics},
  volume={4},
  number={2},
  pages={33},
  year={2012},
  publisher={Macrothink Institute Inc.},
  doi = {http://dx.doi.org/10.5296/rae.v4i2.1316}
}

@article{Angrist,
  author = {Angrist, J. D. and Battistin, E. and Vuri, D.},
  title = {In a small moment: Class size and moral hazard in the Italian Mezzogiorno},
  journal = {American Economic Journal: Applied Economics},
  volume = {9},
  number = {4},
  pages = {216-249},
  year = {2017},
  doi = {https://doi.org/10.1257/app.20160267}
}


@misc{mapview,
  author = {Appelhans, T. and Detsch, F. and Reudenbach, C. and Woellauer, S.},
  title = {{mapview: Interactive viewing of spatial data in R}},
  year = {2016},
  note = {EGU General Assembly Conference Abstracts, R package version 2.11.2},
  url = {\url{https://CRAN.R-project.org/package=mapview}}
}


@book{SN,
  title={The Skew-Normal and Related Families},
  author={Azzalini, Adelchi and Capitanio, Antonella},
  volume={3},
  year={2014},
  publisher={Cambridge University Press}
}

@article{INLArev,
  author = {Bakka, Haakon and Rue, Håvard and Fuglstad, Geir-Arne and Riebler, Andrea and Bolin, David and Illian, Janine and Krainski, Elias and Simpson, Daniel and Lindgren, Finn},
  title = {Spatial modeling with R-INLA: A review},
  year = {2018},
  journal = {WIREs Computational Statistics},
  volume = {10},
  number = {6},
  pages = {e1443},
  keywords = {approximate Bayesian inference, Gaussian Markov random fields, Laplace approximations, sparse matrices, spatial statistics, stochastic partial differential equations},
  doi = {https://doi.org/10.1002/wics.1443}
}

@inproceedings{bag:do:north,
  author = {Bagnarol, C. and Donno, S.},
  title = {Analisi spaziale degli apprendimenti scolastici (INVALSI) in inglese: un confronto tra le regioni del Nord d’Italia},
  year = {2020},
  booktitle = {XIII ESPAnet conference},
  url ={\url{https://www.researchgate.net/publication/348779717}}
}

@book{Banerjee,
  author = {Banerjee, S. and Carlin, B.P. and Gelfand, A.E.},
  title = {Hierarchical Modeling and Analysis for Spatial Data},
  edition = {2nd},
  publisher = {Chapman and Hall/CRC},
  year = {2014},
  url = {\url{https://doi.org/10.1201/b17115}}
}

@article{Barbieri,
  author = {Barbieri, G. and Rossetti, C. and Sestito, P.},
  title = {Teacher motivation and student learning},
  journal = {Politica economica},
  volume = {33},
  number = {1},
  pages = {59-72},
  year = {2017},
  doi = {10.1429/86376}
}

@article{WB,
  title = {The impact of school infrastructure on learning: A synthesis of the evidence},
  author={Barrett, Peter and Treves, Alberto and Shmis, Tigran and Ambasz, Diego},
  year={2019},
  journal={World Bank Publications},
  url = {\url{http://hdl.handle.net/10986/30920}}
}


@article{AQInvalsi,
  author = {Bernardi, F. and Keivabu, R. C.},
  title = {Poor air quality at school and educational inequality by family socioeconomic status in Italy},
  journal = {Research in Social Stratification and Mobility},
  volume = {91},
  pages = {100932},
  year = {2024},
  doi = {https://doi.org/10.1016/j.rssm.2024.100932}
}


@article{CAR,
  title={Spatial interaction and the statistical analysis of lattice systems},
  author={Besag, Julian},
  journal={Journal of the Royal Statistical Society: Series B (Methodological)},
  volume={36},
  number={2},
  pages={192--225},
  year={1974},
  publisher={Wiley Online Library},
  doi = {10.1111/j.2517-6161.1974.tb00999.x}
}


@article{BYM,
  title={Bayesian image restoration, with two applications in spatial statistics},
  author={Besag, Julian and York, Jeremy and Molli{\'e}, Annie},
  journal={Annals of the institute of statistical mathematics},
  volume={43},
  pages={1--20},
  year={1991},
  publisher={Springer},
  doi = {https://doi.org/10.1007/BF00116466}
}

@article{ICAR,
  author = {Besag, Julian and Kooperberg, Charles},
  title = {On conditional and intrinsic autoregressions},
  journal = {Biometrika},
  volume = {82},
  number = {4},
  pages = {733-746},
  year = {1995},
  month = {12},
  doi = {https://doi.org/10.1093/biomet/82.4.733}
}

@misc{spdep,
  title={Package ‘spdep’: Spatial dependence: Weighting schemes, statistics, R package version},
  author={Bivand, Roger and Altman, Micah and Anselin, Luc and Assun{\c{c}}{\~a}o, Renato and Berke, Olaf and Bernat, Andrew and Blanchet, Guillaume},
  pages={1--1},
  year={2017},
  note = { R package version 1.3-7},
  url = {\url{https://cran.r-project.org/package=spdep}}
}

@book{Blangiardo,
  title={Spatial and spatio-temporal Bayesian models with R-INLA},
  author={Blangiardo, Marta and Cameletti, Michela},
  year={2015},
  publisher={John Wiley \& Sons},
  doi = {10.1002/9781118950203}
}

@article{Blatchford,
  author = {Blatchford, P. and Bassett, P. and Brown, P.},
  title = {Examining the effect of class size on classroom engagement and teacher–pupil interaction: Differences in relation to pupil prior attainment and primary vs. secondary schools},
  journal = {Learning and instruction},
  volume = {21},
  number = {6},
  pages = {715-730},
  year = {2011},
  doi = {https://doi.org/10.1016/j.learninstruc.2011.04.001}
}



@article{Bratti,
  title = {Territorial differences in Italian students' mathematical competencies: evidence from Pisa 2003},
  author={Bratti, Massimiliano and Checchi, Daniele and Filippin, Antonio},
  journal = {Giornale Degli Economisti e Annali Di Economia},
  volume = {66},
  number = {3},
  pages = {299--333},
  year = {2007},
  url = {\url{https://www.jstor.org/stable/23248253}}
}

@article{Bruhwiler,
  author = {Brühwiler, C. and Blatchford, P.},
  title = {Effects of class size and adaptive teaching competency on classroom processes and academic outcome},
  journal = {Learning and instruction},
  volume = {21},
  number = {1},
  pages = {95-108},
  year = {2011},
  doi = {https://doi.org/10.1016/j.learninstruc.2009.11.004}
}


@article{BDI,
  title={Per chi suona la campan (ell) a? La dotazione di infrastrutture scolastiche in Italia (For whom the bell tolls? The availability of school infrastructure in Italy)},
  author={Bucci, Mauro and Gazzano, Luigi and Gennari, Elena and Grompone, Adele and Ivaldi, Giorgio and Messina, Giovanna and Ziglio, Giacomo},
  year = {2023},
  journal={Politica economica},
  pages={1--50},
  publisher={Societ{\`a} editrice il Mulino},
  doi = {10.32057/0.QEF.2023.0827}
}

@article{MARS,
  author = {Cattari, S. and Alfano, S. and Manfredi, V. and Borzi, B. and Faravelli, M. and Di Meo, Da Porto, F. and Saler, A. and Dall'Asta, A. and Gioiella, L. and Di Ludovico, M. and Del Vecchio, C. and Del Gaudio, C. and Verderame, G. and Gattesco, G. and Boehm, I. and Speranza, E. and Dolce, M. and Lagomarsino F. and Masi, A.},
  title = {National Risk Assessment of Italian School Buildings: The Mars Project Experience},
  journal = {International Journal of Disaster Risk Reduction},
  pages = {104822},
  year = {2024},
  doi = {https://doi.org/10.1080/01621459.2017.1415907}
}


@misc{SchoolDataIT,
  author = {Cefalo, L. and Pollice, A. and Maranzano, P.},
  title = {SchoolDataIT: Retrieve, Harmonise and Map Open Data regarding the Italian School System},
  year = {2024},
  note = {R Package Version 0.2.4},
  url = {https://CRAN.R-project.org/package=SchoolDataIT}
}

@misc{leaflet,
  author = {Cheng, J. and Karambelkar, B. and Xie, Y. and Wickham, H. and Russell, K. and Johnson, K. and Agafonkin, V.},
  title = {Package ‘leaflet’},
  year = {2019},
  note = {version 2.2.2},
  url = {\url{https://CRAN.R-project.org/package=leaflet}}
}

@book{Cliff_Ord,
  title = {Spatial Processes: Models and Applications},
  author = {Cliff, A. D. and Ord, J. K.},
  publisher = {Pion, London}, 
  year = {1981},
}

@article{CrescenziEtAl2021,
  author = {Crescenzi, R. and Giua, M. and Sonzogno, G.V.},
  title = {Mind the Covid-19 crisis: An evidence-based implementation of Next Generation EU},
  journal = {Journal of Policy Modeling},
  volume = {43},
  number = {2},
  pages = {278-297},
  year = {2021},
  doi = {10.1016/j.jpolmod.2021.03.002}
}

@article{DeLaPorteJensen2021,
  author = {De la Porte, C. and M. D. Jensen},
  title = {The next generation EU: An analysis of the dimensions of conflict behind the deal},
  journal = {Social Policy \& Administration},
  volume = {55},
  number = {2},
  pages = {388-402},
  year = {2021},
  doi = {10.1111/spol.12709}
}

@techreport{do:bag:mar:south,
  author = {Donno, S. and Bagnarol, C. and Marsili, M.},
  title = {Analisi spaziale degli apprendimenti scolastici negli istituti del Sud Italia},
  institution = {INVALSI WP 46/2020},
  year = {2020},
  url = {\url{https://www.invalsi.it/download2/wp/wp46_Donno_Bagnarol_Marsili.pdf}}
}

@article{Dupont,
  title={Spatial+: a novel approach to spatial confounding},
  author={Dupont, Emiko and Wood, Simon N and Augustin, Nicole H},
  journal={Biometrics},
  volume={78},
  number={4},
  pages={1279--1290},
  year={2022},
  publisher={Oxford University Press},
  doi = {https://doi.org/10.1111/biom.13656}
}

@article{DupontArXiv,
  title={Demystifying spatial confounding},
  author={Dupont, Emiko and Marques, Isa and Kneib, Thomas},
  journal={arXiv preprint},
  pages={1--36},
  year={2023},
  doi = {10.48550/arXiv.2309.16861}
}

@misc{NUTS2024,
  author = {Eurostat},
  title = {NUTS - Nomenclature of territorial units for statistics},
  year = {2024},
  url = {\url{https://ec.europa.eu/eurostat/web/nuts}},
  note = {last access December 17th 2024}
}

@article{Freni,
  title={A note on intrinsic conditional autoregressive models for disconnected graphs},
  author={Freni-Sterrantino, Anna and Ventrucci, Massimo and Rue, H{\aa}vard},
  journal={Spatial and spatio-temporal epidemiology},
  volume={26},
  pages={25--34},
  year={2018},
  publisher={Elsevier},
  doi = {10.1016/j.sste.2018.04.002}
}

@article{SPDEPC,
  author = {Fuglstad, G. A. and Simpson, D. and Lindgren, F. and Rue, H.},
  title = {Constructing Priors that Penalize the Complexity of Gaussian Random Fields},
  journal = {Journal of the American Statistical Association},
  volume = {114},
  number = {525},
  pages = {445-452},
  year = {2019},
  doi = {https://doi.org/10.1080/01621459.2017.1415907}
}

@article{Garlaschi,
  author = {Garlaschi, M.},
  title = {L’edilizia scolastica in Italia: un confronto regionale},
  year = {2022},
  journal = {Osservatorio Conti Pubblici Italiani},
  url = {\url{https://osservatoriocpi.unicatt.it/ocpi-pubblicazioni-l-edilizia-scolastica-in-italia-un-confronto-regionale}},
  note = {Last accessed December 17th 2024}
}


@article{Geisser,
  title={A predictive approach to model selection},
  author={Geisser, Seymour and Eddy, William F},
  journal={Journal of the American Statistical Association},
  volume={74},
  number={365},
  pages={153--160},
  year={1979},
  publisher={Taylor \& Francis},
  doi = {https://doi.org/10.1080/01621459.1979.10481632}
}

@article{Gelfand,
  title={Model determination using predictive distributions with implementation via sampling-based methods},
  author={Gelfand, Alan E and Dey, Dipak K and Chang, Hong},
  journal={Bayesian statistics 4},
  pages={147--168},
  year={1992},
  publisher={Oxford University PressOxford},
  doi = {10.1093/oso/9780198522669.003.0009}
}

@article{PCAR_Gelfand,
  title={Proper multivariate conditional autoregressive models for spatial data analysis},
  author={Gelfand, Alan E and Vounatsou, Penelope},
  journal={Biostatistics},
  volume={4},
  number={1},
  pages={11--15},
  year={2003},
  publisher={Oxford University Press},
  doi = {https://doi.org/10.1093/biostatistics/4.1.11}
}

@book{Gelman,
  author    = {Gelman, Andrew and Carlin, John B and Stern, Hal S and Rubin, Donald B},
  title     = {Bayesian Data Analysis},
  edition   = {2nd},
  publisher = {Chapman and Hall/CRC},
  year      = {2004},
  isbn      = {1-58488-388-X},
  doi       = {10.1201/9780429258480},
}

@article{GelmanWAIC,
  title     = {Understanding predictive information criteria for Bayesian models},
  author    = {Gelman, Andrew and Hwang, Jessica and Vehtari, Aki},
  publisher = {Springer Science and Business Media LLC},
  volume    = {24},
  number    = {6},
  year      = {2014},
  journal   = {Statistics and Computing},
  pages     = {997--1016},
  doi       = {10.1007/S11222-013-9416-2},
}





@misc{UniromaWP1,
  author    = {Giancola, Orazio and Salmieri, Luca},
  title     = {Family Background, School-Track and Macro-Area: the Complex Chains of Education Inequalities in Italy},
  year      = {2020},
  url       = {\url{https://hdl.handle.net/11573/1366601}},
  note      = {working paper}
}



@article{Giancola,
  title={Cos{\`\i} vicine, cos{\`\i} lontane. La questione dell’equit{\`a} scolastica nelle regioni italiane},
  author={Giancola, Orazio and Benadusi, Luciano and Fornari, Rita and others},
  journal={Scuola democratica},
  volume={1},
  pages={52--79},
  year={2010},
  publisher={Guerini e Associati},
  url = {\url{https://iris.uniroma1.it/handle/11573/339625}}
}


@book{INLAbook,
  author    = {Gómez-Rubio, Virgilio},
  title     = {Bayesian Inference with INLA},
  publisher = {Chapman and Hall/CRC},
  year      = {2020},
  doi       = {10.1201/9781315175584}
}

@incollection{CPOINLA,
  title={Posterior and cross-validatory predictive checks: a comparison of MCMC and INLA},
  author={Held, Leonhard and Schr{\"o}dle, Birgit and Rue, H{\aa}vard},
  booktitle = {Statistical Modelling and Regression Structures},
  editor    = {Kneib, Thomas and Tutz, Gerhard},
  publisher = {Physica-Verlag HD},
  year      = {2010},
  pages     = {91--110},
  doi       = {10.1007/978-3-7908-2413-1_6}
}

@article{Hodges2003,
  author    = {Hodges, James S. and Carlin, Brian P. and Fan, Q.},
  title     = {On the precision of the conditionally autoregressive prior in spatial models},
  journal   = {Biometrics},
  volume    = {59},
  number    = {2},
  pages     = {317--322},
  year      = {2003},
  doi       = {10.1111/1541-0420.00038}
}

@article{Hodges,
  author    = {Hodges, James S. and Reich, Brian J.},
  title     = {Adding Spatially-Correlated Errors Can Mess Up the Fixed Effect You Love},
  journal   = {The American Statistician},
  volume    = {64},
  number    = {4},
  pages     = {325--334},
  year      = {2010},
  doi       = {10.1198/tast.2010.10052}
}

@article{HammersleyClifford,
  title={Markov fields on finite graphs and lattices},
  author={Clifford, P and Hammersley, JM},
  year={1971},
  journal={Unpublished Manuscript} 
}

@book{HornJohnson,
  title={Matrix analysis},
  author={Horn, Roger A and Johnson, Charles R},
  year={2012},
  publisher={Cambridge university press},
  isbn = {{978-0-521-83940-2}},
  edition = {2nd}
}

@article{Khan,
  author    = {Khan, Kori and Calder, Catherine A.},
  title     = {Restricted spatial regression methods: Implications for inference},
  journal   = {Journal of the American Statistical Association},
  volume    = {117},
  number    = {537},
  pages     = {482--494},
  year      = {2022},
  doi       = {10.1080/01621459.2020.1788949}
}

@misc{BB,
  author    = {{Infratel Italia}},
  title     = {Schools Dashboard, part of the Ultra-Broadband Activation plan},
  year      = {2024},
  url       = {\url{https://bandaultralarga.italia.it/scuole-voucher/progetto-scuole/}},
  note      = {last access December 19th 2024}
}

@article{Invalsi2013,
  author    = {{INVALSI - National Institute for the Evaluation of the Education System}},
  title     = {Rilevazioni nazionali sugli apprendimenti 2012/13. Il quadro di sistema},
  year      = {2013},
  url       = {\url{https://www.invalsi.it/snvpn2013/rapporti/Rapporto_SNV_PN_2013_DEF_11_07_2013.pdf}}
}

@misc{Invalsi_IS,
  author = {{Invalsi - Istituto Nazionale per la Valutazione del Sistema Educativo di Istruzione e Formazione}},
  title = {National Standardized Assessment Data (Invalsi Censuary Surveys)},
  year = {2024},
  url = {\url{https://serviziostatistico.invalsi.it/archivio-dati}},
  note = {Last accessed April 3rd 2025}
}


@misc{InnerAreas,
  author    = {{ISTAT - Italian National Institute of Statistics}},
  title     = {La geografia delle aree interne nel 2020: vasti territori tra potenzialità e debolezze},
  year      = {2022},
  url       = {\url{https://www.istat.it/it/files//2022/07/FOCUS-AREE-INTERNE-2021.pdf}}
}

@misc{Shapefiles,
  author = {{ISTAT - Italian National Institute of Statistics}},
  title = {Confini delle Unità Amministrative a Fini Statistici (Administrative Units Borders for Statistical Purposes)},
  url = {\url{https://www.istat.it/notizia/confini-delle-unita-amministrative-a-fini-statistici-al-1-gennaio-2018-2/}},
  year = {2025},
  note = {Last accessed April 3rd 2025}
}

@misc{Situas,
  author = {{ISTAT - Italian National Institute of Statistics}},
  title = {Sistema Informativo Territoriale delle Unità Amministrative e Statistiche (Territorial Informative System of Administrative and Statistical Units)},
  url = {\url{https://situas.istat.it/web/\#/territorio}},
  year = {2025},
  note = {Last accessed April 3rd 2025}
}

@misc{DMiSE,
  author = {{Italian Ministry of Economic Development}},
  title = {Decree of July 7th 2020},
  year = {2020},
  publisher = {{Italian Official Journal}},
  url = {\url{https://www.gazzettaufficiale.it/eli/id/2020/10/01/20A05280/sg}}
}

@misc{DMIM90,
  author = {{Italian Ministry of Education}},
  title = {{Ministerial decree No. 90 of May 19th 2023}},
  year = {2023},
  url ={\url{https://www.mim.gov.it/-/decreto-ministeriale-n-90-del-19-maggio-2023}}
}

@misc{InvalsiLaw,
  author = {{Italian Official Journal}},
  title = {{Law No. 176 of October 25th 2007}},
  year = {2007},
  url = {\url{https://www.gazzettaufficiale.it/atto/serie_generale/caricaDettaglioAtto/originario?atto.dataPubblicazioneGazzetta=2007-10-26&atto.codiceRedazionale=007G0195&elenco30giorni=false}}
}

@misc{DPR81,
  author = {{Italian Official Journal}},
  title = {{Decree of the President of the Republic No. 81 of March 20th 2009}},
  year = {2009},
  url = {\url{https://www.gazzettaufficiale.it/eli/id/2009/07/02/009G0089/sg}}

}

@misc{law2,
  author = {{Italian Official Journal}},
  year = {2015},
  title = {Law No. 107 of July 15th 2015},
  url = {\url{https://www.gazzettaufficiale.it/eli/id/2015/07/15/15G00122/sg}}
}

@article{bigN,
  author = {Jona Lasinio, G. and Mastrantonio, G. and Pollice, A.},
  title = {Discussing the “big n problem”},
  journal = {Statistical Methods and Applications},
  volume = {22},
  pages = {97-112},
  year = {2013},
  doi = {https://doi.org/10.1007/s10260-012-0207-2}
}

@book{JohnsonWichern,
  author    = {Johnson, R.A. and Wichern, D.W.},
  title     = {Applied Multivariate Statistical Analysis},
  edition   = {6th},
  publisher = {Pearson Prentice Hall},
  year      = {2007},
  address   = {Upper Saddle River}
}

@book{INLASPDE,
  author = {Krainski, E. and Gómez-Rubio, V. and Bakka, H. and Lenzi, A. and Castro-Camilo, D. and Simpson, D. and Lindgren, F. and Rue, H.},
  title = {Advanced spatial modeling with stochastic partial differential equations using R and INLA},
  publisher = {Chapman and Hall/CRC},
  year = {2018},
  doi = {\url{https://doi.org/10.1201/9780429031892}}
}


@article{Lamouroux,
  author    = {Lamouroux, J. and Geffroy, A. and Leblond, S. and Meyer, C. and Albert, I.},
  title     = {Addressing Spatial Confounding in geostatistical regression models: An R-INLA approach},
  year      = {2024},
  journal   = {arXiv preprint},
  doi       = {10.48550/arXiv.2410.01530}
}

@article{SPDE,
  author = {Lindgren, F. and Rue, H. and Lindström, J.},
  title = {An explicit link between Gaussian fields and Gaussian Markov random fields: the stochastic partial differential equation approach},
  journal = {Journal of the Royal Statistical Society Series B: Statistical Methodology},
  volume = {73},
  number = {4},
  pages = {423-498},
  year = {2011},
  doi = {https://doi.org/10.1111/j.1467-9868.2011.00777.x}
}

@article{SPDE2,
  author = {Lindgren, F. and Bolin, D. and Rue, H.},
  title = {The SPDE approach for Gaussian and non-Gaussian fields: 10 years and still running},
  journal = {Spatial Statistics},
  year = {2022},
  doi = {10.1016/j.spasta.2022.100599}
}


@article{Mardia,
  author    = {Mardia, K.V.},
  title     = {Multi-dimensional multivariate Gaussian Markov random fields with application to image processing},
  year      = {1988},
  journal   = {Journal of Multivariate Analysis},
  volume    = {24},
  number    = {2},
  pages     = {265--284},
  doi       = {10.1016/0047-259X(88)90040-1}
}

@misc{Invalsi2020,
  author    = {Martini, A.},
  title     = {Il Divario Nord-Sud nei Risultati delle Prove INVALSI},
  year      = {2020},
  note      = {Invalsi Working Paper n. 52}
}

@article{Matteucci,
  author    = {Matteucci, M. and Mignani, S.},
  title     = {Exploring regional differences in the reading competencies of Italian students},
  year      = {2014},
  journal   = {Evaluation review},
  volume    = {38},
  number    = {3},
  pages     = {251--290},
  doi       = {10.1177/0193841X14540289}
}

@misc{MIUR,
  author    = {{Italian Ministry of Education, University and Research}},
  title     = {Portale Unico dei Dati sulla scuola (Unique School Data Portal)},
  year      = {2024},
  url       = {\url{https://dati.istruzione.it/opendata/}},
  note      = {last accessed on December 17th 2024}
}

@misc{tibble,
  author = {Müller, K. and Wickham, H.},
  title = {tibble: Simple Data Frames},
  year = {2023},
  url = {\url{https://tibble.tidyverse.org/, https://github.com/tidyverse/tibble}}
}

@article{Nobre,
  author    = {Nobre, W. S. and Schmidt, A. M. and Pereira, J. B.},
  title     = {On the effects of spatial confounding in hierarchical models},
  year      = {2021},
  journal   = {International Statistical Review},
  volume    = {89},
  number    = {2},
  pages     = {302--322},
  doi       = {10.1111/insr.12407}
}

@book{PISA,
  author    = {OECD},
  title     = {PISA Data Analysis Manual: SPSS, Second Edition},
  year      = {2009},
  publisher = {OECD Publishing},
  address   = {Paris},
  doi       = {10.1787/9789264056275-en},
  isbn      = {978-92-64-05626-8}
}

@book{OECD_PISA2024,
  author = {OECD},
  title = {PISA 2022 Results (Volume I): The State of Learning and Equity in Education},
  publisher = {OECD Publishing},
  year = {2023},
  url = {\url{https://doi.org/10.1787/53f23881-en}}
}


@article{INLAMSM,
  author    = {Palmí-Perales, Francisco and Gómez-Rubio, Virgilio and Martinez-Beneito, Miguel A.},
  title     = {Bayesian Multivariate Spatial Models for Lattice Data with INLA},
  year      = {2021},
  journal   = {Journal of Statistical Software},
  volume    = {98},
  number    = {2},
  pages     = {1--29},
  doi       = {10.18637/jss.v098.i02}
}

@misc{INLAMSM2,
  author    = {Palmí-Perales, Francisco and Gómez-Rubio, Virgilio and Bivand, Roger S. and Cameletti, Michela and Rue, Haavard},
  title     = {Bayesian Inference for Multivariate Spatial Models with INLA},
  year      = {2023},
  publisher   = {The R Journal}
}

@article{CPO,
  author    = {Pettit, L. I.},
  title     = {The Conditional Predictive Ordinate for the Normal Distribution},
  year      = {1990},
  journal   = {Journal of the Royal Statistical Society. Series B (Methodological)},
  volume    = {52},
  number    = {1},
  pages     = {175--184},
  doi       = {10.1111/j.2517-6161.1990.tb01780.x}
}

@misc{R,
  author = {{R Core Team}},
  title = {R: A Language and Environment for Statistical Computing},
  year = {2020},
  organization = {R Foundation for Statistical Computing},
  url = {\url{https://www.R-project.org/}}
}


@article{RHZ,
  author    = {Reich, Brian J. and Hodges, James S. and Zadnik, Vesna},
  title     = {Effects of residual smoothing on the posterior of the fixed effects in disease-mapping models},
  year      = {2006},
  journal   = {Biometrics},
  volume    = {62},
  number    = {4},
  pages     = {1197--1206},
  doi       = {10.1111/j.1541-0420.2006.00617.x}
}

@book{GMRFs,
  author = {Rue, H. and Held, L.},
  title = {Gaussian Markov random fields: theory and applications},
  publisher = {Chapman and Hall/CRC},
  year = {2005},
  url = {\url{https://doi.org/10.1201/9780203492024}}
}

@article{INLA,
  author    = {Rue, Haavard and Martino, Sara and Chopin, Nicholas},
  title     = {Approximate Bayesian inference for latent Gaussian models by using integrated nested Laplace approximations},
  year      = {2009},
  journal   = {Journal of the Royal Statistical Society Series B: (Methodological)},
  volume    = {71},
  number    = {2},
  pages     = {319--392},
  doi       = {10.1111/j.1467-9868.2008.00700.x}
}

@article{INLA2017,
  title = {Bayesian computing with INLA: a review},
  author = {Rue, Haavard and Riebler, Andrea and S{\o}rbye, {Sigrunn H.} and Illian, {Janine B.} and Simpson, {Daniel P.} and Lindgren, {Finn K.}},
  year = {2017},
  doi = {10.1146/annurev-statistics-060116-054045},
  volume = {4},
  pages = {395--421},
  journal = {Annual Review of Statistics and Its Application}
}

@book{Silverman,
  author    = {B. W. Silverman},
  title     = {Density Estimation for Statistics and Data Analysis},
  year      = {1986},
  publisher = {Chapman and Hall},
  address   = {London},
  isbn      = {978-0-412-24620-3}
}

@article{PC,
  author    = {Simpson, Daniel and Rue, Haavard and Riebler, Andrea and Martins, Thiago G. and Sørbye, Sigrunn H.},
  title     = {Penalising Model Component Complexity: A Principled, Practical Approach to Constructing Priors},
  year      = {2017},
  volume    = {32},
  journal   = {Statistical Science},
  number    = {1},
  publisher = {Institute of Mathematical Statistics},
  pages     = {1 -- 28},
  doi       = {10.1214/16-STS576}
}

@article{Sorbye,
  author    = {Sørbye, Sigrunn and Rue, Haavard},
  title     = {Scaling intrinsic Gaussian Markov random field priors in spatial modelling},
  year      = {2014},
  journal   = {Spatial Statistics},
  volume    = {8},
  pages     = {39--51},
  issn      = {2211-6753},
  doi       = {10.1016/j.spasta.2013.06.004}
}



@article{DIC,
  author    = {Spiegelhalter, David J. and Best, Nicola G. and Carlin, Bradley P. and Van Der Linde, Angelika},
  title     = {Bayesian measures of model complexity and fit},
  year      = {2002},
  journal   = {Journal of the Royal Statistical Society: Series B (Statistical Methodology)},
  volume    = {64},
  number    = {4},
  pages     = {583-639},
  doi       = {10.1111/1467-9868.00353}
}

@article{tierney1986accurate,
  title={Accurate approximations for posterior moments and marginal densities},
  author={Tierney, Luke and Kadane, Joseph B},
  journal={Journal of the american statistical association},
  volume={81},
  number={393},
  pages={82--86},
  year={1986},
  publisher={Taylor \& Francis}
}

@article{Urdangarin23,
  author    = {Urdangarin, Arantxa and Goicoa, Tomas and Ugarte, Maria Dolores},
  title     = {Evaluating recent methods to overcome spatial confounding},
  year      = {2023},
  journal   = {Revista Matemática Complutense},
  volume    = {36},
  number    = {2},
  pages     = {333--360},
  doi       = {10.1007/s13163-022-00449-8}
}

@article{Urdangarin24,
  author    = {Urdangarin, Arantxa and Goicoa, Tomas and Kneib, T. and Ugarte, M. D.},
  title     = {A simplified spatial+ approach to mitigate spatial confounding in multivariate spatial areal models},
  year      = {2024},
  journal   = {Spatial Statistics},
  volume    = {59},
  pages     = {100804},
  doi       = {10.1016/j.spasta.2023.100804}
}

@article{SNprior,
  author    = {Van Niekerk, Janet and Rue, Haavard},
  title     = {Skewed Probit Regression - Identifiability, Contraction and Reformulation},
  year      = {2021},
  journal   = {Revstat - Statistical Journal},
  volume    = {19},
  pages     = {1--22},
  doi       = {10.57805/revstat.v19i1.328}
}

@article{VBINLA,
  author    = {Van Niekerk, Janet and Krainski, Elias and Rustand, Denis and Rue, Haavard},
  title     = {A new avenue for Bayesian inference with INLA},
  year      = {2023},
  journal   = {Computational Statistics and Data Analysis},
  volume    = {181},
  doi       = {10.1016/j.csda.2023.107692}
}

@article{VB,
  author    = {Van Niekerk, J. and Rue, H.},
  title     = {Low-rank variational Bayes correction to the Laplace method},
  year      = {2024},
  journal   = {The Journal of Machine Learning Research},
  volume    = {25},
  number    = {62},
  pages     = {1--25},
  url       = {\url{http://jmlr.org/papers/v25/21-1405.html}}
}

@book{Wang,
  title     = {Bayesian Regression Modeling with INLA},
  author    = {Wang, Xiaofeng and Yue, Yu Ryan and Faraway, Julian J},
  year      = {2018},
  publisher={Chapman and Hall/CRC},
  doi       = {10.1201/9781351165761}
}

@article{WAIC,
  title     = {A widely applicable Bayesian information criterion},
  author    = {Watanabe, Sumio},
  year      = {2013},
  journal   = {The Journal of Machine Learning Research},
  volume    = {14},
  number    = {1},
  pages     = {867--897},
  url       = {\url{http://jmlr.org/papers/v14/watanabe13a.html}}
}

@article{Whittle,
  title={On stationary processes in the plane},
  author={Whittle, Peter},
  journal={Biometrika},
  pages={434--449},
  year={1954},
  publisher={JSTOR}
}

@article{ggplot,
  title={ggplot2},
  author={Wickham, Hadley},
  journal={Wiley interdisciplinary reviews: computational statistics},
  volume={3},
  number={2},
  pages={180--185},
  year={2011},
  publisher={Wiley Online Library},
  note      = {R package version 3.5.1},
  url       = {\url{https://cran.r-project.org/web/packages/ggplot2/index.html}}
}

@article{tidyverse,
  author = {Wickham, H. and Averick, M. and Bryan, J. and Chang, W. and McGowan, L. D. A. and François, R. and Yutani, H.},
  title = {Welcome to the Tidyverse},
  journal = {Journal of open source software},
  volume = {4},
  number = {43},
  pages = {1686},
  year = {2019},
  doi = {10.21105/joss.01686}
}

@misc{rvest,
  author = {Wickham, H.},
  title = {rvest: Easily Harvest (Scrape) Web Pages},
  year = {2023},
  url = {\url{https://CRAN.R-project.org/package=rvest}}
}
