@book{AS,
  author = {Abramowitz, M. and Stegun, I. A.},
  title = {Handbook of Mathematical Functions with Formulas, Graphs, and Mathematical Tables},
  publisher = {National Bureau of Standards Applied Mathematics Series 55},
  year = {1972},
  edition = {Tenth Printing}
}

@article{Agasisti,
  author = {Agasisti, T. and Vittadini, G.},
  title = {Regional economic disparities as determinants of student's achievement in Italy},
  journal = {Research in Applied Economics},
  volume = {4},
  number = {2},
  pages = {33},
  year = {2012},
  doi = {http://dx.doi.org/10.5296/rae.v4i2.1316}
}

@article{Angrist,
  author = {Angrist, J. D. and Battistin, E. and Vuri, D.},
  title = {In a small moment: Class size and moral hazard in the Italian Mezzogiorno},
  journal = {American Economic Journal: Applied Economics},
  volume = {9},
  number = {4},
  pages = {216-249},
  year = {2017},
  doi = {https://doi.org/10.1257/app.20160267}
}

@misc{mapview,
  author = {Appelhans, T. and Detsch, F. and Reudenbach, C. and Woellauer, S.},
  title = {mapview-Interactive viewing of spatial data in R},
  year = {2016},
  note = {EGU General Assembly Conference Abstracts, R package version 2.11.2},
  url = {\url{https://CRAN.R-project.org/package=mapview}}
}

@inproceedings{bag:do:north,
  author = {Bagnarol, C. and Donno, S.},
  title = {Analisi spaziale degli apprendimenti scolastici (INVALSI) in inglese: un confronto tra le regioni del Nord d’Italia},
  year = {2020},
  booktitle = {XIII ESPAnet conference},
  url ={\url{https://www.researchgate.net/publication/348779717}}
}

@book{Banerjee,
  author = {Banerjee, S. and Carlin, B.P. and Gelfand, A.E.},
  title = {Hierarchical Modeling and Analysis for Spatial Data},
  edition = {2nd},
  publisher = {Chapman and Hall/CRC},
  year = {2014},
  url = {\url{https://doi.org/10.1201/b17115}}
}

@article{Barbieri,
  author = {Barbieri, G. and Rossetti, C. and Sestito, P.},
  title = {Teacher motivation and student learning},
  journal = {Politica economica},
  volume = {33},
  number = {1},
  pages = {59-72},
  year = {2017},
  doi = {10.1429/86376}
}

@book{WB,
  author = {Barrett, P. and Treves, A. and Shmis, T. and Ambasz, D.},
  title = {The impact of school infrastructure on learning: A synthesis of the evidence},
  publisher = {World Bank},
  year = {2019},
  url = {\url{http://hdl.handle.net/10986/30920}}
}

@article{AQInvalsi,
  author = {Bernardi, F. and Keivabu, R. C.},
  title = {Poor air quality at school and educational inequality by family socioeconomic status in Italy},
  journal = {Research in Social Stratification and Mobility},
  volume = {91},
  pages = {100932},
  year = {2024},
  doi = {https://doi.org/10.1016/j.rssm.2024.100932}
}

@article{Blatchford,
  author = {Blatchford, P. and Bassett, P. and Brown, P.},
  title = {Examining the effect of class size on classroom engagement and teacher–pupil interaction: Differences in relation to pupil prior attainment and primary vs. secondary schools},
  journal = {Learning and instruction},
  volume = {21},
  number = {6},
  pages = {715-730},
  year = {2011},
  doi = {https://doi.org/10.1016/j.learninstruc.2011.04.001}
}

@article{Bratti,
  author = {Bratti, M. and Checchi, D. and Filippin, A.},
  title = {Territorial differences in Italian students' mathematical competencies: evidence from Pisa 2003},
  journal = {Giornale Degli Economisti e Annali Di Economia},
  volume = {66},
  number = {120},
  pages = {299-333},
  year = {2007},
  url = {\url{https://www.jstor.org/stable/23248253}}
}

@article{Bruhwiler,
  author = {Brühwiler, C. and Blatchford, P.},
  title = {Effects of class size and adaptive teaching competency on classroom processes and academic outcome},
  journal = {Learning and instruction},
  volume = {21},
  number = {1},
  pages = {95-108},
  year = {2011},
  doi = {https://doi.org/10.1016/j.learninstruc.2009.11.004}
}

@article{BDI,
  author = {Bucci, M. and Gazzano, L. and Gennari, E. and Grompone, A. and Ivaldi, G. and Messina, G. and Ziglio, G.},
  title = {Per chi suona la campan(ell)a? La dotazione di infrastrutture scolastiche in Italia (For whom the bell tolls? The availability of school infrastructure in Italy)},
  journal = {Politica economica},
  year = {2023},
  pages = {1-50},
  doi = {10.32057/0.QEF.2023.0827}
}

@article{MARS,
  author = {Cattari, S. and Alfano, S. and Manfredi, V. and Borzi, B. and Faravelli, M. and Di Meo, Da Porto, F. and Saler, A. and Dall'Asta, A. and Gioiella, L. and Di Ludovico, M. and Del Vecchio, C. and Del Gaudio, C. and Verderame, G. and Gattesco, G. and Boehm, I. and Speranza, E. and Dolce, M. and Lagomarsino F. and Masi, A.},
  title = {National Risk Assessment of Italian School Buildings: The Mars Project Experience},
  journal = {International Journal of Disaster Risk Reduction},
  pages = {104822},
  year = {2024},
  doi = {https://doi.org/10.1080/01621459.2017.1415907}
}

@misc{leaflet,
  author = {Cheng, J. and Karambelkar, B. and Xie, Y. and Wickham, H. and Russell, K. and Johnson, K. and Agafonkin, V.},
  title = {Package ‘leaflet’},
  year = {2019},
  note = {version 2.2.2},
  url = {\url{https://CRAN.R-project.org/package=leaflet}}
}

@article{CrescenziEtAl2021,
  author = {Crescenzi, R. and Giua, M. and Sonzogno, G.V.},
  title = {Mind the Covid-19 crisis: An evidence-based implementation of Next Generation EU},
  journal = {Journal of Policy Modeling},
  volume = {43},
  number = {2},
  pages = {278-297},
  year = {2021},
  doi = {10.1016/j.jpolmod.2021.03.002}
}

@article{DeLaPorteJensen2021,
  author = {De la Porte, C. and M. D. Jensen},
  title = {The next generation EU: An analysis of the dimensions of conflict behind the deal},
  journal = {Social Policy \& Administration},
  volume = {55},
  number = {2},
  pages = {388-402},
  year = {2021},
  doi = {10.1111/spol.12709}
}

@techreport{do:bag:mar:south,
  author = {Donno, S. and Bagnarol, C. and Marsili, M.},
  title = {Analisi spaziale degli apprendimenti scolastici negli istituti del Sud Italia},
  institution = {INVALSI WP 46/2020},
  year = {2020},
  url = {\url{https://www.invalsi.it/download2/wp/wp46_Donno_Bagnarol_Marsili.pdf}}
}

@misc{NUTS2024,
  author = {Eurostat},
  title = {NUTS - Nomenclature of territorial units for statistics},
  year = {2024},
  url = {\url{https://ec.europa.eu/eurostat/web/nuts}},
  note = {last access December 17th 2024}
}

@article{SPDEPC,
  author = {Fuglstad, G. A. and Simpson, D. and Lindgren, F. and Rue, H.},
  title = {Constructing Priors that Penalize the Complexity of Gaussian Random Fields},
  journal = {Journal of the American Statistical Association},
  volume = {114},
  number = {525},
  pages = {445-452},
  year = {2019},
  doi = {https://doi.org/10.1080/01621459.2017.1415907}
}

@misc{Garlaschi,
  author = {Garlaschi, M.},
  title = {L’edilizia scolastica in Italia: un confronto regionale},
  year = {2022},
  journal = {Osservatorio Conti Pubblici Italiani},
  url = {\url{https://osservatoriocpi.unicatt.it/ocpi-pubblicazioni-l-edilizia-scolastica-in-italia-un-confronto-regionale}},
  note = {Last accessed December 17th 2024}
}

@misc{BB,
  author = {{Infratel Italia}},
  year = {2024},
  title = {Schools Dashboard, part of the Ultra-Broadband Activation plan},
  url = {https://bandaultralarga.italia.it/scuole-voucher/progetto-scuole/},
  note = {Last accessed December 17th 2024}
}

@misc{Invalsi_IS,
  author = {{Invalsi - Istituto Nazionale per la Valutazione del Sistema Educativo di Istruzione e Formazione}},
  title = {National Standardized Assessment Data (Invalsi Censuary Surveys)},
  year = {2024},
  url = {\url{https://serviziostatistico.invalsi.it/archivio-dati}},
  note = {Last accessed April 3rd 2025}
}

@misc{InnerAreas,
  author = {{ISTAT - Italian National Institute of Statistics}},
  title = {La geografia delle aree interne nel 2020: vasti territori tra potenzialità e debolezze},
  year = {2022},
  url = {\url{https://www.istat.it/it/files//2022/07/FOCUS-AREE-INTERNE-2021.pdf}},
  note = {Last accessed April 3rd 2025}
}

@misc{Shapefiles,
  author = {{ISTAT - Italian National Institute of Statistics}},
  title = {Confini delle Unità Amministrative a Fini Statistici (Administrative Units Borders for Statistical Purposes)},
  url = {\url{https://www.istat.it/notizia/confini-delle-unita-amministrative-a-fini-statistici-al-1-gennaio-2018-2/}},
  year = {2025},
  note = {Last accessed April 3rd 2025}
}

@misc{Situas,
  author = {{ISTAT - Italian National Institute of Statistics}},
  title = {Sistema Informativo Territoriale delle Unità Amministrative e Statistiche (Territorial Informative System of Administrative and Statistical Units)},
  url = {\url{https://situas.istat.it/web/\#/territorio}},
  year = {2025},
  note = {Last accessed April 3rd 2025}
}

@article{bigN,
  author = {Jona Lasinio, G. and Mastrantonio, G. and Pollice, A.},
  title = {Discussing the “big n problem”},
  journal = {Statistical Methods and Applications},
  volume = {22},
  pages = {97-112},
  year = {2013},
  doi = {https://doi.org/10.1007/s10260-012-0207-2}
}

@book{INLASPDE,
  author = {Krainski, E. and Gómez-Rubio, V. and Bakka, H. and Lenzi, A. and Castro-Camilo, D. and Simpson, D. and Lindgren, F. and Rue, H.},
  title = {Advanced spatial modeling with stochastic partial differential equations using R and INLA},
  publisher = {Chapman and Hall/CRC},
  year = {2018},
  url = {\url{https://doi.org/10.1201/9780429031892}}
}

@misc{DMIM90,
  author = {{Italian Ministry of Education}},
  title = {Ministerial decree n.90 of May 19th 2023},
  year = {2023},
  url ={\url{https://www.mim.gov.it/-/decreto-ministeriale-n-90-del-19-maggio-2023}}
}

@misc{law,
  author = {{Italian Official Journal}},
  title = {Law No. 176 of October 25th 2007, acts of Italian Parliament},
  year = {2007},
  url = {\url{https://www.parlamento.it/parlam/leggi/07176l.htm}}
}

@misc{DPR81,
  author = {{Italian Official Journal}},
  title = {Decree No. 81 of March 20th 2009 the President of the Republic},
  year = {2009},
  url = {\url{https://www.gazzettaufficiale.it/eli/id/2009/07/02/009G0089/sg}}

}

@misc{law2,
  author = {{Italian Official Journal}},
  year = {2015},
  title = {Law No. 107 of July 15th 2015, Italian Official Journal},
  url = {\url{https://www.gazzettaufficiale.it/eli/id/2015/07/15/15G00122/sg}}
}

@article{SPDE,
  author = {Lindgren, F. and Rue, H. and Lindström, J.},
  title = {An explicit link between Gaussian fields and Gaussian Markov random fields: the stochastic partial differential equation approach},
  journal = {Journal of the Royal Statistical Society Series B: Statistical Methodology},
  volume = {73},
  number = {4},
  pages = {423-498},
  year = {2011},
  doi = {https://doi.org/10.1111/j.1467-9868.2011.00777.x}
}

@article{SPDE2,
  author = {Lindgren, F. and Bolin, D. and Rue, H.},
  title = {The SPDE approach for Gaussian and non-Gaussian fields: 10 years and still running},
  journal = {Spatial Statistics},
  year = {2022},
  doi = {10.1016/j.spasta.2022.100599}
}

@misc{Invalsi2020,
  author = {Martini, A.},
  title = {Il Divario Nord-Sud nei Risultati delle Prove INVALSI},
  institution = {Invalsi Working Paper n. 52/2020},
  year = {2020},
  url = {\url{https://www.invalsi.it/download2/wp/wp52_Martini.pdf}}
}

@misc{law3,
  author = {{Italian Ministry of Economic Development}},
  title = {Decree of July 7th 2020},
  year = {2020},
  publisher = {{Italian Official Journal}},
  url = {\url{https://www.gazzettaufficiale.it/eli/id/2020/10/01/20A05280/sg}}
}

@misc{MIUR,
  author = {{Italian Ministry of Education, University and Research}},
  title = {Portale Unico dei Dati sulla scuola (Unique School Data Portal)},
  url = {\url{https://dati.istruzione.it/opendata/}},
  year = {2025},
  lastaccess = {April 3rd 2025}
}

@misc{tibble,
  author = {Müller, K. and Wickham, H.},
  title = {tibble: Simple Data Frames},
  year = {2023},
  url = {\url{https://tibble.tidyverse.org/, https://github.com/tidyverse/tibble}}
}

@book{PISA,
  author = {OECD},
  title = {PISA Data Analysis Manual: SPSS, Second Edition},
  publisher = {OECD Publishing},
  year = {2009},
  url = {\url{https://doi.org/10.1787/9789264056275-en}}
}

@book{OECD_PISA2024,
  author = {OECD},
  title = {PISA 2022 Results (Volume I): The State of Learning and Equity in Education},
  publisher = {OECD Publishing},
  year = {2023},
  url = {\url{https://doi.org/10.1787/53f23881-en}}
}

@misc{gstat,
  author = {Pebesma, E. and Graeler, B. and Pebesma, M. E.},
  title = {Package ‘gstat’},
  year = {2023},
  url = {\url{https://CRAN.R-project.org/package=gstat}}
}


@misc{R,
  author = {{R Core Team}},
  title = {R: A Language and Environment for Statistical Computing},
  year = {2020},
  organization = {R Foundation for Statistical Computing},
  url = {\url{https://www.R-project.org/}}
}

@book{GMRFs,
  author = {Rue, H. and Held, L.},
  title = {Gaussian Markov random fields: theory and applications},
  publisher = {Chapman and Hall/CRC},
  year = {2005},
  url = {\url{https://doi.org/10.1201/9780203492024}}
}

@article{INLA,
  author = {Rue, H. and Martino, S. and Chopin, N.},
  title = {Approximate Bayesian inference for latent Gaussian models by using integrated nested Laplace approximations},
  journal = {Journal of the Royal Statistical Society Series B: (Methodological)},
  volume = {71},
  number = {2},
  pages = {319-392},
  year = {2009},
  doi = {https://doi.org/10.1111/j.1467-9868.2008.00700.x}
}

@article{PC,
  author = {Simpson, D. and Rue, H. and Riebler, A. and Martins, T.G. and Sørbye, S.H.},
  title = {Penalising Model Component Complexity: A Principled, Practical Approach to Constructing Priors},
  journal = {Statistical Science},
  volume = {32},
  pages = {1-28},
  year = {2017},
  doi = {http://dx.doi.org/10.1214/16-STS576}
}

@article{INLAVB,
  author = {Van Niekerk, J. and Krainski, E. and Rustand, D. and Rue, H.},
  title = {A new avenue for Bayesian inference with INLA},
  journal = {Computational Statistics and Data Analysis},
  volume = {181},
  pages = {107692},
  year = {2023},
  doi = {https://doi.org/10.1016/j.csda.2023.107692}
}


@article{ggplot,
  title={ggplot2},
  author={Wickham, H.},
  journal={Wiley interdisciplinary reviews: computational statistics},
  volume={3},
  number={2},
  pages={180--185},
  year={2011},
  publisher={Wiley Online Library},
  url = {\url{https://CRAN.R-project.org/package=ggplot2}}
}


@article{tidyverse,
  author = {Wickham, H. and Averick, M. and Bryan, J. and Chang, W. and McGowan, L. D. A. and François, R. and Yutani, H.},
  title = {Welcome to the Tidyverse},
  journal = {Journal of open source software},
  volume = {4},
  number = {43},
  pages = {1686},
  year = {2019},
  doi = {10.21105/joss.01686}
}

@misc{rvest,
  author = {Wickham, H.},
  title = {rvest: Easily Harvest (Scrape) Web Pages},
  year = {2023},
  url = {\url{https://CRAN.R-project.org/package=rvest}}
}





%%============================================================================%%
%% while using chicago reference style, both abbreviated and expanded form of %%
%% author name format is acceptable. Refer below example for expanded form    %%
%%============================================================================%%

%%  author		= "{Cameron, Deborah}", - single author
%%  author		= "{Saito, Yukio} and {Hyuga, Hiroyuki}", - double author 

%%======================================%%
%% Example for author names with suffix %%
%%======================================%%

%%  author		= "{Price, R. A. Jr} and {Curry, N. {III}} and McCann, K. E. and 
%%					Fielding, J. L. and {Abercrombie, E. Jr}",
